<?xml version="1.0" encoding="UTF-8"?><collection xmlns="http://www.loc.gov/MARC21/slim"><record><leader>00355nam--2200145-i-4500</leader><controlfield tag="001">000041799</controlfield><controlfield tag="002">20161230</controlfield><controlfield tag="005">20161230201043</controlfield><controlfield tag="008">060222s1000------------r-----000-0-eng-d</controlfield><datafield ind1=" " ind2=" " tag="080"><subfield code="a">539.14(061.3)</subfield></datafield><datafield ind1=" " ind2=" " tag="100"><subfield code="a">Skolen, L. O</subfield></datafield><datafield ind1=" " ind2=" " tag="245"><subfield code="a">4th int.conf.on nuclei from stability</subfield></datafield><datafield ind1=" " ind2=" " tag="260"><subfield code="a">Geneve, Cern, 1981. X+358 P</subfield></datafield><datafield ind1=" " ind2=" " tag="490"><subfield code="a">Cern-81-09</subfield></datafield><datafield ind1=" " ind2=" " tag="852"><subfield code="a">13458</subfield></datafield></record></collection>